@article{pawade2018story,
  title={Story scrambler-automatic text generation using word level RNN-LSTM},
  author={Pawade, D and Sakhapara, A and Jain, M and Jain, N and Gada, K},
  journal={International Journal of Information Technology and Computer Science (IJITCS)},
  volume={10},
  number={6},
  pages={44--53},
  year={2018}
}


@inproceedings{netzer2009gaiku,
  title={Gaiku: Generating haiku with word associations norms},
  author={Netzer, Yael and Gabay, David and Goldberg, Yoav and Elhadad, Michael},
  booktitle={Proceedings of the Workshop on Computational Approaches to Linguistic Creativity},
  pages={32--39},
  year={2009}
}

@misc{luo2018autoencoder,
      title={An Auto-Encoder Matching Model for Learning Utterance-Level Semantic Dependency in Dialogue Generation}, 
      author={Liangchen Luo and Jingjing Xu and Junyang Lin and Qi Zeng and Xu Sun},
      year={2018},
      eprint={1808.08795},
      archivePrefix={arXiv},
      primaryClass={cs.CL}
}

@misc{zhang2020bertscore,
      title={BERTScore: Evaluating Text Generation with BERT}, 
      author={Tianyi Zhang and Varsha Kishore and Felix Wu and Kilian Q. Weinberger and Yoav Artzi},
      year={2020},
      eprint={1904.09675},
      archivePrefix={arXiv},
      primaryClass={cs.CL}
}

@inproceedings{papineni2002bleu,
  title={Bleu: a method for automatic evaluation of machine translation},
  author={Papineni, Kishore and Roukos, Salim and Ward, Todd and Zhu, Wei-Jing},
  booktitle={Proceedings of the 40th annual meeting of the Association for Computational Linguistics},
  pages={311--318},
  year={2002}
}

@article{song2019abstractive,
  title={Abstractive text summarization using LSTM-CNN based deep learning},
  author={Song, Shengli and Huang, Haitao and Ruan, Tongxiao},
  journal={Multimedia Tools and Applications},
  volume={78},
  number={1},
  pages={857--875},
  year={2019},
  publisher={Springer}
}

@InProceedings{You_2016_CVPR,
  author = {You, Quanzeng and Jin, Hailin and Wang, Zhaowen and Fang, Chen and Luo, Jiebo},
  title = {Image Captioning With Semantic Attention},
  booktitle = {Proceedings of the IEEE Conference on Computer Vision and Pattern Recognition (CVPR)},
  month = {June},
  year = {2016}
}

@misc{bhagavatula2020abductive,
      title={Abductive Commonsense Reasoning}, 
      author={Chandra Bhagavatula and Ronan Le Bras and Chaitanya Malaviya and Keisuke Sakaguchi and Ari Holtzman and Hannah Rashkin and Doug Downey and Scott Wen-tau Yih and Yejin Choi},
      year={2020},
      eprint={1908.05739},
      archivePrefix={arXiv},
      primaryClass={cs.CL}
}

@inproceedings{banerjee2005meteor,
  title={METEOR: An automatic metric for MT evaluation with improved correlation with human judgments},
  author={Banerjee, Satanjeev and Lavie, Alon},
  booktitle={Proceedings of the acl workshop on intrinsic and extrinsic evaluation measures for machine translation and/or summarization},
  pages={65--72},
  year={2005}
}

@inproceedings{zhang2014chinese,
  title={Chinese poetry generation with recurrent neural networks},
  author={Zhang, Xingxing and Lapata, Mirella},
  booktitle={Proceedings of the 2014 Conference on Empirical Methods in Natural Language Processing (EMNLP)},
  pages={670--680},
  year={2014}
}

@inproceedings{potash2015ghostwriter,
  title={Ghostwriter: Using an lstm for automatic rap lyric generation},
  author={Potash, Peter and Romanov, Alexey and Rumshisky, Anna},
  booktitle={Proceedings of the 2015 Conference on Empirical Methods in Natural Language Processing},
  pages={1919--1924},
  year={2015}
}

@misc{celikyilmaz2020evaluation,
  title={Evaluation of Text Generation: A Survey}, 
  author={Asli Celikyilmaz and Elizabeth Clark and Jianfeng Gao},
  year={2020},
  eprint={2006.14799},
  archivePrefix={arXiv},
  primaryClass={cs.CL}
}

@inproceedings{ritchie2001creativity,
  title={Assessing Creativity},
  author={Graeme Ritchie},
  booktitle={Proceedings of the AISB, 2001},
  year={2001}
}